@article{Muller2023,
  title={Robust and efficient depth-based obstacle avoidance for autonomous miniaturized uavs},
  author={M{\"u}ller, Hanna and Niculescu, Vlad and Polonelli, Tommaso and Magno, Michele and Benini, Luca},
  journal={IEEE Transactions on Robotics},
  year={2023},
  publisher={IEEE}
}

@inproceedings{Alsalam2017,
 author={Alsalam, Bilal Hazim Younus and Morton, Kye and Campbell, Duncan and Gonzalez, Felipe},
 booktitle={2017 IEEE Aerospace Conference},
 title={Autonomous UAV with vision based on-board decision making for remote sensing and precision agriculture},
 year={2017},
 doi={10.1109/AERO.2017.7943593}
}

@inproceedings{Ward2016,
 author={Ward, Sean and Hensler, Jordon and Alsalam, Bilal and Gonzalez, Luis Felipe},
 booktitle={2016 IEEE Aerospace Conference},
 title={Autonomous UAVs wildlife detection using thermal imaging, predictive navigation and computer vision},
 year={2016},
 doi={10.1109/AERO.2016.7500671}
}

@inproceedings{Palossi2019,
  title={An open source and open hardware deep learning-powered visual navigation engine for autonomous nano-uavs},
  author={Palossi, Daniele and Conti, Francesco and Benini, Luca},
  booktitle={2019 15th International Conference on Distributed Computing in Sensor Systems (DCOSS)},
  pages={604--611},
  year={2019},
  organization={IEEE}
}

@article{Palossi2021,
  title={Fully onboard ai-powered human-drone pose estimation on ultralow-power autonomous flying nano-uavs},
  author={Palossi, Daniele and Zimmerman, Nicky and Burrello, Alessio and Conti, Francesco and M{\"u}ller, Hanna and Gambardella, Luca Maria and Benini, Luca and Giusti, Alessandro and Guzzi, J{\'e}r{\^o}me},
  journal={IEEE Internet of Things Journal},
  volume={9},
  number={3},
  pages={1913--1929},
  year={2021},
  publisher={IEEE}
}

@article{Satya2017,
 author = "Mahadev Satyanarayanan",
 title = "{The Emergence of Edge Computing}",
 journal = "{IEEE Computer}",
 volume = "50",
 number = "1",
 year = "2017"
}

@article{Link2023,
 author = "Jeff Link and Paresh Dave",
 title = "{Amazon's Drone Delivery Dream Is Crashing}",
 journal = "{Wired}",
 year = "2023",
 month = "April",
 note = "\myhowpublished{https://www.wired.com/story/crashes-and-layoffs-plague-amazons-drone-delivery-pilot/}, Last accessed June 11, 2023"
}

@inproceedings{Weibel2004,
 author = "Roland E. Weibel and R. John Hansman, Jr.",
 title = "{Safety Considerations for Operation of Different Classes of UAVs in the NAS}",
 booktitle = "{Proceedings of the 4th Aviation Technology, Integration and Operations (ATIO) Forum}",
 month = "September",
 year = "2004",
 address = "{Chicago, IL}"
}


@techreport{Huang2008,
 author = "Hui-Min Huang",
 title = "{Autonomy Levels for Unmanned Systems (ALFUS) Framework,
Volume I: Terminology, Version 2.0}",
 institution = "{National Institute of Standards and Technology}",
 number = "{NIST Special Publication 1011-I-2.0}",
 year = "2008",
 month = "October"
}

@article{Schmid2014,
  title={Autonomous vision-based micro air vehicle for indoor and outdoor navigation},
  author={Schmid, Korbinian and Lutz, Philipp and Tomi{\'c}, Teodor and Mair, Elmar and Hirschm{\"u}ller, Heiko},
  journal={Journal of Field Robotics},
  volume={31},
  number={4},
  pages={537--570},
  year={2014},
  publisher={Wiley Online Library}
}

@ARTICLE{Liu2022,
  author={Liu, Zhihong and Wang, Xiangke and Shen, Lincheng and Zhao, Shulong and Cong, Yirui and Li, Jie and Yin, Dong and Jia, Shengde and Xiang, Xiaojia},
  journal={IEEE Transactions on Systems, Man, and Cybernetics: Systems}, 
  title={Mission-Oriented Miniature Fixed-Wing UAV Swarms: A Multilayered and Distributed Architecture}, 
  year={2022},
  volume={52},
  number={3},
  pages={1588-1602},
  keywords={Computer architecture;Task analysis;Unmanned aerial vehicles;Scalability;Attitude control;Resource management;Planning;Architecture;fixed wing;swarms;unmanned aerial vehicles (UAVs)},
  doi={10.1109/TSMC.2020.3033935}
}

@article{Burkle2011,
  title={Towards autonomous micro uav swarms},
  author={B{\"u}rkle, Axel and Segor, Florian and Kollmann, Matthias},
  journal={Journal of intelligent \& robotic systems},
  volume={61},
  pages={339--353},
  year={2011},
  publisher={Springer}
}

@inproceedings{Burkle2009,
  title={Development of micro uav swarms},
  author={B{\"u}rkle, Axel and Leuchter, Sandro},
  booktitle={Autonome Mobile Systeme 2009: 21. Fachgespr{\"a}ch Karlsruhe, 3./4. Dezember 2009},
  pages={217--224},
  year={2009},
  organization={Springer}
}

@article{Campion2018,
  title={UAV swarm communication and control architectures: a review},
  author={Campion, Mitch and Ranganathan, Prakash and Faruque, Saleh},
  journal={Journal of Unmanned Vehicle Systems},
  volume={7},
  number={2},
  pages={93--106},
  year={2018},
  publisher={NRC Research Press}
}

@article{Floreano2015,
  title={Science, technology and the future of small autonomous drones},
  author={Floreano, Dario and Wood, Robert J},
  journal={nature},
  volume={521},
  number={7553},
  pages={460--466},
  year={2015},
  publisher={Nature Publishing Group UK London}
}

@article{Li2020,
  title={Autonomous drone race: A computationally efficient vision-based navigation and control strategy},
  author={Li, Shuo and Ozo, Micha{\"e}l MOI and De Wagter, Christophe and de Croon, Guido CHE},
  journal={Robotics and Autonomous Systems},
  volume={133},
  pages={103621},
  year={2020},
  publisher={Elsevier}
}

@inproceedings{Devos2018,
  title={Development of autonomous drones for adaptive obstacle avoidance in real world environments},
  author={Devos, Arne and Ebeid, Emad and Manoonpong, Poramate},
  booktitle={2018 21st Euromicro conference on digital system design (DSD)},
  pages={707--710},
  year={2018},
  organization={IEEE}
}

@inproceedings{Apvrille2014,
  title={Autonomous drones for assisting rescue services within the context of natural disasters},
  author={Apvrille, Ludovic and Tanzi, Tullio and Dugelay, Jean-Luc},
  booktitle={2014 XXXIth URSI General Assembly and Scientific Symposium (URSI GASS)},
  pages={1--4},
  year={2014},
  organization={IEEE}
}

@article{Chen2018,
  author={Chen, Peng and Dang, Yuanjie and Liang, Ronghua and Zhu, Wei and He, Xiaofei},
  journal={IEEE Transactions on Intelligent Transportation Systems}, 
  title={Real-Time Object Tracking on a Drone With Multi-Inertial Sensing Data}, 
  year={2018},
  volume={19},
  number={1},
  pages={131-139},
  keywords={Drones;Object detection;Real-time systems;Feature extraction;Sensors;Object tracking;Signal processing algorithms;Computer vision;image motion analysis;local difference binary;object tracking;unmanned aerial vehicles},
  doi={10.1109/TITS.2017.2750091}
}

@inproceedings{George2019,
  title={Towards drone-sourced live video analytics for the construction industry},
  author={George, Shilpa and Wang, Junjue and Bala, Mihir and Eiszler, Thomas and Pillai, Padmanabhan and Satyanarayanan, Mahadev},
  booktitle={Proceedings of the 20th International Workshop on Mobile Computing Systems and Applications},
  pages={3--8},
  year={2019}
}

@article{Schedl2021,
    author = {D. C. Schedl  and I. Kurmi  and O. Bimber },
    title = {An autonomous drone for search and rescue in forests using airborne optical sectioning},
    journal = {Science Robotics},
    volume = {6},
    number = {55},
    pages = {eabg1188},
    year = {2021},
    doi = {10.1126/scirobotics.abg1188},
    howpublished = {https://www.science.org/doi/abs/10.1126/scirobotics.abg1188},
    eprint = {https://www.science.org/doi/pdf/10.1126/scirobotics.abg1188},
}

@article{Saska2016,
  title={Swarm distribution and deployment for cooperative surveillance by micro-aerial vehicles},
  author={Saska, Martin and Von{\'a}sek, Vojt{\v{e}}ch and Chudoba, Jan and Thomas, Justin and Loianno, Giuseppe and Kumar, Vijay},
  journal={Journal of Intelligent \& Robotic Systems},
  volume={84},
  pages={469--492},
  year={2016},
  publisher={Springer}
}

@misc{Croptracker,
    author={Croptracker},
    title={Drone Technology in Agriculture},
    howpublished={https://www.croptracker.com/blog/drone-technology-in-agriculture.html},
    note="{Last accessed on October 29, 2024}"
}

@misc{Flexairco,
    author={FlexAir},
    title={Drone Regulation History in the US: A Comprehensive Overview},
    howpublished={https://www.flexairco.com/news/2023/flex-air-news/drone-regulation-history-in-the-us-a-comprehensive-overview/},
    note="{Last accessed on October 29, 2024}"
}

@misc{FAA2021,
 author = "{Federal Aviation Admin.}",
 title = "{Operations Over People General Overview}",
 howpublished={https://www.faa.gov/uas/commercial\_operators/operations\_over\_people},
 year = "2021",
 month = "January"
}

@misc{EASA,
 author = "{European Aviation Safety Agency}",
 title = "{Open Category - Low Risk - Civil Drones}",
 howpublished = {https://www.easa.europa.eu/en/domains/drones-air-mobility/operating-drone/open-category-low-risk-civil-drones},
 note="{Last accessed on November 1, 2024}"
}

@misc{IndiaRegulation,
 author="{UAV Coach}",
 title="{Drone Laws in India}",
 howpublished={https://uavcoach.com/drone-laws-in-india/},
 note="{Last accessed on November 1, 2024}"
}

@misc{ChinaRegulation,
 author="{UAV Coach}",
 title="{Drone Laws in China}",
 howpublished={https://uavcoach.com/drone-laws-in-china/},
 note="{Last accessed on November 1, 2024}"
}

@misc{IWMDrone,
 author="{Imperial War Museum}",
 title="{A Brief History of Drones}",
 howpublished={https://www.iwm.org.uk/history/a-brief-history-of-drones},
 note="{Last accessed on November 3, 2024}"
}

@misc{GlobalHawk,
 author="{US Air Force}",
 title="{RQ-4 Global Hawk}",
 howpublished={https://www.af.mil/About-Us/Fact-Sheets/Display/Article/104516/rq-4-global-hawk/},
 note="{Last accessed on November 3, 2024}"
}

@misc{DJIPhantom4,
 author="{DJI}",
 title="{DJI Phantom 4 Pro V2.0}",
 howpublished={https://www.dji.com/phantom-4-pro-v2},
 note="{Last accessed on November 3, 2024}"
}

@misc{DJIMini4,
 author="{DJI}",
 title="{DJI Mini 4 Pro}",
 howpublished={https://www.dji.com/mini-4-pro},
 note="{Last accessed on November 19, 2024}"
}


@misc{Skydio2,
 author="{Skydio}",
 title="{Skydio 2 Plus}",
 howpublished={https://www.skydio.com/skydio-2-plus-enterprise},
 note="{Last accessed on November 3, 2024}"
}

@misc{Pixhawk,
 author="{Dronecode}",
 title="{Pixhawk}",
 howpublished={https://pixhawk.org/},
 note="{Last accessed on November 3, 2024}"
}

@misc{PX4,
 author="{Dronecode}",
 title="{PX4}",
 howpublished={https://px4.io/},
 note="{Last accessed on January 2, 2025}"
}

@misc{Ardupilot,
 author="{Ardupilot}",
 title="{Ardupilot}",
 howpublished={https://ardupilot.org/},
 note="{Last accessed on November 3, 2024}"
}

@misc{DJIMatrice,
 author="{DJI}",
 title="{DJI Matrice}",
 howpublished={https://enterprise.dronenerds.com/commercial-drone-platforms/matrice-series-2/matrice-600-series/},
 note="{Last accessed on November 3, 2024}"
}

@misc{GrandviewResearchDroneMarket,
 author="{Grandview Research}",
 title="{Commercial Drone Market Size and Outlook}",
 howpublished={https://www.grandviewresearch.com/horizon/outlook/commercial-drone-market-size/global},
 note="{Last accessed on November 3, 2024}"
}

@article{ForbesZiplineEvaluation,
 author="{Alex Konrad}",
 title="{Drone Delivery Startup Zipline Boosts Evaluation to $4.2 Billion}",
 journal="{Forbes}",
 year="2023",
 howpublished={https://www.forbes.com/sites/alexkonrad/2023/04/28/drone-delivery-startup-zipline-boosts-valuation-to-4-billion/},
 note="{Last accessed on November 3, 2024}"
}

@article{ForbesZiplineDeliveries,
 author="{Anne Field}",
 title="{Zipline’s Milestone: 1 Million Commercial Drone Deliveries}",
 journal="{Forbes}",
 year="2024",
 howpublished={https://www.forbes.com/sites/annefield/2024/04/27/ziplines-milestone-1-million-commercial-drone-deliveries/},
 note="{Last accessed on November 4, 2024}"
}

@article{CNBC,
 author="{Cate Tarr}",
 title="{Defense tech start-up Anduril Industries raises \$1.5 billion, now valued at \$14 billion}",
 journal="{CNBC}",
 year="2024",
 howpublished={https://www.cnbc.com/2024/08/08/defense-tech-start-up-anduril-industries-valued-at-14-billion.html},
 note="{Last accessed on November 3, 2024}"
}

@article{CFAS,
 author="{Stacie Pettyjohn}",
 title="{Drones Are Transforming the Battlefield in Ukraine but in an Evolutionary Fashion}",
 journal="{Center for a New American Security}",
 year="2024",
 howpublished={https://www.cnas.org/publications/commentary/drones-are-transforming-the-battlefield-in-ukraine-but-in-an-evolutionary-fashion},
 note="{Last accessed on November 3, 2024}"
}

@article{SARDrone,
  author="{Zacc Dukowitz}",
  title="{Search and Rescue Drones: A Guide to How SAR Teams Use Drones in Their Work}",
  journal="UAVCoach",
  year="2024",
  howpublished={https://uavcoach.com/search-and-rescue-drones/},
  note="{Last accessed on November 4, 2024}"
}

@misc{PackageDrone,
  author="{Matthew Urwin}",
  title="{Is Drone Delivery on the Horizon?}",
  howpublished={https://builtin.com/articles/drone-delivery},
  note="{Last accessed on November 4, 2024}"
}

@misc{ParrotAnafi,
  author="{Parrot}",
  title="{Parrot Anafi}",
  howpublished={https://www.parrot.com/us/drones/anafi},
  note="{Last accessed on November 4, 2024}"
}

@misc{Matrice30T,
  author="{DJI}",
  title="{DJI Matrice 30 Series}",
  howpublished={https://enterprise.dji.com/matrice-30},
  note="{Last accessed on November 4, 2024}"
}

@misc{Matrice300RTK,
author="{DJI}",
title="{Support for Matrice 300 RTK}",
howpublished={https://www.dji.com/support/product/matrice-300},
note="{Last accessed on November 20, 2024}"
}

@misc{Cidora,
  author="{MyFPV}",
  title="{iFlight Cidora}",
  howpublished={https://www.myfpvstore.com/ready-to-fly-drones/plug-n-play/iflight-cidora-sl5-6s-fpv-drone-pnp/},
  note="{Last accessed on November 4, 2024}"
}

@article{InfrastructureInspection,
 author="{Alex Netto}",
 title="{How Are Drones Used for Infrastructure Inspection?}",
 journal="{Skydio}",
 year="2023",
 howpublished={https://www.skydio.com/blog/how-are-drones-used-for-infrastructure-inspection},
 note="{Last accessed on November 4, 2024}"
}

@article{BVLOS,
 author="{Alan Perlman}",
 title="{BVLOS: The Future of Commercial Drone Operations}",
 journal="{UAV Coach}",
 year="2024",
 howpublished={https://uavcoach.com/inside-bvlos/},
 note="{Last accessed on November 4, 2024}"
}

@misc{Anvil,
  author="{Anduril}",
  title="{Anduril Anvil}",
  howpublished={https://www.anduril.com/hardware/anvil/},
  note="{Last accessed on November 7, 2024}"
}

@article{ConstructionFalls,
 author="{BLS}",
 title="{A look at falls, slips, and trips in the construction industry}",
 journal="Bureau of Labor Statistics",
 howpublished={https://www.bls.gov/opub/ted/2024/a-look-at-falls-slips-and-trips-in-the-construction-industry.htm#:~:text=In%202022%2C%20nearly%201%20in,falls%2C%20slips%2C%20and%20trips.},
 year="2024",
 note="{Last accessed on November 11, 2024}"
}

@article{AerialPhotography,
 author="{PAPA}",
 title="{History of Aerial Photography}",
 journal="Professional Aerial Photographers Association",
 year="2024",
 howpublished={https://papa.clubexpress.com/content.aspx?page_id=22&club_id=808138&module_id=158950},
 note="{Last accessed on November 11, 2024}"
}

@article{PoliceDrone,
  author="{Zacc Dukowitz}",
  title="{Police Drones: A Guide to How Law Enforcement Uses Drones in Its Work}",
  journal="UAVCoach",
  year="2024",
  howpublished={https://uavcoach.com/police-drones/},
  note="{Last accessed on November 11, 2024}"
}

@article{StarsStripes,
 author="{Wyatt Olson}",
 title="{Drones, new squad vehicle are key to ‘hunter-killer’ Army platoons}",
 journal="{Stars and Stripes}",
 year="2024",
 howpublished={https://www.stripes.com/branches/army/2024-10-21/army-hunter-killer-platoons-15585371.html#:~:text=Army-,Drones%2C%20new%20squad%20vehicle%20are%20key,'hunter%2Dkiller'%20Army%20platoons&text=The%20Army%20is%20using%20its,Hawaii%2Dbased%2025th%20Infantry%20Division.},
 note="{Last accessed on November 12, 2024}"
}

@article{DefensePost,
 author="{Joe Saballa}",
 title="{US Army Testing Pocket-Sized Drones for Covert Reconnaissance}",
 journal="{Defense Post}",
 year="2024",
 howpublished={https://thedefensepost.com/2024/07/10/us-army-pocket-drones/},
 note="{Last accessed on November 12, 2024}"
}

@article{BBCKamikaze,
 author="{BBC}",
 title="{How are 'kamikaze' drones being used by Russia and Ukraine?}",
 journal="{BBC}",
 year="2023",
 howpublished={https://www.bbc.com/news/world-62225830},
 note="{Last accessed on November 12, 2024}"
}

@article{FPKamikaze,
 author="{Jack Detsch}",
 title="{Ukraine’s Cheap Drones Are Decimating Russia’s Tanks}",
 journal="{Foreign Policy}",
 year="2024",
 howpublished={https://foreignpolicy.com/2024/04/09/drones-russia-tanks-ukraine-war-fpv-artillery/},
 note="{Last accessed on November 12, 2024}"
}

@article{Pledger2021,
 author="{Thomas Pledger}",
 title="{The Role of Drones in Future Terrorist Attacks}",
 journal="{Association of the United States Army}",
 year="2021",
 howpublished={https://www.ausa.org/sites/default/files/publications/LWP-137-The-Role-of-Drones-in-Future-Terrorist-Attacks_0.pdf},
 note="{Last accessed on November 12, 2024}"
}

@INPROCEEDINGS{Besada2019,
  author={Besada, Juan A. and Bernardos, Ana M. and Bergesio, Luca and Vaquero, Diego and Campaña, Iván and Casar, José R.},
  booktitle={2019 IEEE International Conference on Pervasive Computing and Communications Workshops (PerCom Workshops)}, 
  title={Drones-as-a-service: A management architecture to provide mission planning, resource brokerage and operation support for fleets of drones}, 
  year={2019},
  volume={},
  number={},
  pages={931-936},
  keywords={Drones;Real-time systems;Payloads;Logistics;Resource management;Tools;drone;fleet management;emergency management;unmanned traffic management;optimization;drone-as-a-service},
  doi={10.1109/PERCOMW.2019.8730838}
}

@article{Koubaa2019,
title = {Dronemap Planner: A service-oriented cloud-based management system for the Internet-of-Drones},
journal = {Ad Hoc Networks},
volume = {86},
pages = {46-62},
year = {2019},
issn = {1570-8705},
doi = {https://doi.org/10.1016/j.adhoc.2018.09.013},
url = {https://www.sciencedirect.com/science/article/pii/S1570870518306814},
author = {Anis Koubâa and Basit Qureshi and Mohamed-Foued Sriti and Azza Allouch and Yasir Javed and Maram Alajlan and Omar Cheikhrouhou and Mohamed Khalgui and Eduardo Tovar}
}

@inproceedings{Mottola2014,
  title={Team-level programming of drone sensor networks},
  author={Mottola, Luca and Moretta, Mattia and Whitehouse, Kamin and Ghezzi, Carlo},
  booktitle={Proceedings of the 12th ACM Conference on Embedded Network Sensor Systems},
  pages={177--190},
  year={2014}
}

@inproceedings{Tilley2017,
  title={Dronely: A visual block programming language for the control of drones},
  author={Tilley, Eric and Gray, Jeff},
  booktitle={Proceedings of the SouthEast Conference},
  pages={208--211},
  year={2017}
}

@article{Allain2017,
    author = "{Rhett Allain}",
    title = "{How Do Drones Fly? Physics, of Course!}",
    journal = "{WIRED}",
    year = "2017",
    howpublished={https://www.wired.com/2017/05/the-physics-of-drones/},
    note="{Last accessed on November 19, 2024}"
}

@article{Nagel2023,
    author = "{Lauren Nagle}",
    title = "{What is an Electronic Speed Controller & How Does an ESC Work}",
    journal = "{TYTO Robotics}",
    year = "2023",
    howpublished={https://www.tytorobotics.com/blogs/articles/what-is-an-esc-how-does-an-esc-work?srsltid=AfmBOoq-duVeXNZimBxIZ4MLCaWwZnsG_dgZBcrwpEkeyOVrRuf2lm3D},
    note="{Last accessed on November 19, 2024}"
}

@misc{IMU,
 author="{JOUAV}",
 title="{A Complete Guide to Inertial Measurement Unit (IMU)}",
 howpublished={https://www.jouav.com/blog/inertial-measurement-unit.html},
 note="{Last accessed on November 19, 2024}"
}

@misc{Stereo,
 author="Robert Collins",
 title="{Stereo Algorithms}",
 howpublished={https://www.cse.psu.edu/~rtc12/CSE486/lecture09.pdf},
 note="{Last accessed on November 19, 2024}"
}

@article{Dorafshan2018,
  title={Bridge inspection: Human performance, unmanned aerial systems and automation},
  author={Dorafshan, Sattar and Maguire, Marc},
  journal={Journal of Civil Structural Health Monitoring},
  volume={8},
  pages={443--476},
  year={2018},
  publisher={Springer}
}

@article{Albanese2022,
  title={Low-power deep learning edge computing platform for resource constrained lightweight compact UAVs},
  author={Albanese, Andrea and Nardello, Matteo and Brunelli, Davide},
  journal={Sustainable Computing: Informatics and Systems},
  volume={34},
  pages={100725},
  year={2022},
  publisher={Elsevier}
}

@ARTICLE{Zhang2022,
  author={Zhang, Zhichao and Mahmud, M. A. Parvez and Kouzani, Abbas Z.},
  journal={IEEE Internet of Things Journal}, 
  title={FitNN: A Low-Resource FPGA-Based CNN Accelerator for Drones}, 
  year={2022},
  volume={9},
  number={21},
  pages={21357-21369},
  keywords={Field programmable gate arrays;Convolution;Hardware;Internet of Things;Graphics processing units;System-on-chip;Convolutional neural networks;Deep neural network (DNN);edge;field-programmable gate array~(FPGA);low power;low resource},
  doi={10.1109/JIOT.2022.3179016}
}

@INPROCEEDINGS{Hu2022,
  author={Hu, Yunxiang and Liu, Yuhao and Liu, Zhuoyuan},
  booktitle={2022 14th International Conference on Computer Research and Development (ICCRD)}, 
  title={A Survey on Convolutional Neural Network Accelerators: GPU, FPGA and ASIC}, 
  year={2022},
  volume={},
  number={},
  pages={100-107},
  keywords={Application specific integrated circuits;Deep learning;Training;Energy consumption;Graphics processing units;Computer architecture;Market research;deep learning accelerator;convolutional neural network;FPGA;GPU;ASIC},
  doi={10.1109/ICCRD54409.2022.9730377}
}

@misc{Bitcraze,
 author="{Bitcraze}",
 title="{Crazyflie 2.1}",
 howpublished={https://www.bitcraze.io/products/old-products/crazyflie-2-1/},
 note="{Last accessed on December 7, 2024}"
}

@misc{ModalAI,
 author="{ModalAI}",
 title="{Starling 2}",
 howpublished={https://www.modalai.com/products/starling-2},
 note="{Last accessed on December 7, 2024}"
}

@inproceedings{He2020,
  title={Beecluster: drone orchestration via predictive optimization},
  author={He, Songtao and Bastani, Favyen and Balasingam, Arjun and Gopalakrishna, Karthik and Jiang, Ziwen and Alizadeh, Mohammad and Balakrishnan, Hari and Cafarella, Michael and Kraska, Tim and Madden, Sam},
  booktitle={Proceedings of the 18th International Conference on Mobile Systems, Applications, and Services},
  pages={299--311},
  year={2020}
}

@misc{BeeCluster,
 author="{MIT}",
 title="{BeeCluster}",
 howpublished={http://beecluster.csail.mit.edu/},
 note="{Last accessed on December 7, 2024}"
}

@article{Asaamoning2021,
  title={Drone swarms as networked control systems by integration of networking and computing},
  author={Asaamoning, Godwin and Mendes, Paulo and Ros{\'a}rio, Denis and Cerqueira, Eduardo},
  journal={Sensors},
  volume={21},
  number={8},
  pages={2642},
  year={2021},
  publisher={MDPI}
}

@misc{vHive,
 author="{vHive}",
 title="{Platform}",
 howpublished={https://www.vhive.ai/platform/},
 note="{Last accessed on December 7, 2024}"
}

@misc{VOTIX,
 author="{VOTIX}",
 title="{VOTIX}",
 howpublished={https://votix.com/supported-drones/},
 note="{Last accessed on December 7, 2024}"
}

@misc{SAE,
 author="{SAE}",
 title="{SAE Levels of Driving Automation\textsuperscript{\texttrademark} Refined for Clarity and International Audience}",
 howpublished={https://www.sae.org/blog/sae-j3016-update},
 note="{Last accessed on December 7, 2024}"
}

@INPROCEEDINGS{Eller2019,
  author={Eller, Luke and Guérin, Théo and Huang, Baichuan and Warren, Garrett and Yang, Sophie and Roy, Josh and Tellex, Stefanie},
  booktitle={2019 IEEE/RSJ International Conference on Intelligent Robots and Systems (IROS)}, 
  title={Advanced Autonomy on a Low-Cost Educational Drone Platform}, 
  year={2019},
  volume={},
  number={},
  pages={1032-1039},
  keywords={},
  doi={10.1109/IROS40897.2019.8967595}
}

@article{Hardy2017,
  title={Using low-cost drones to map malaria vector habitats},
  author={Hardy, Andy and Makame, Makame and Cross, D{\'o}nall and Majambere, Silas and Msellem, Mwinyi},
  journal={Parasites \& vectors},
  volume={10},
  pages={1--13},
  year={2017},
  publisher={Springer}
}

@article{Sorensen2017,
  title={Low cost and flexible UAV deployment of sensors},
  author={S{\o}rensen, Lars Yndal and Jacobsen, Lars Toft and Hansen, John Paulin},
  journal={Sensors},
  volume={17},
  number={1},
  pages={154},
  year={2017},
  publisher={MDPI}
}

@inproceedings{Dolui2017,
  title={Comparison of edge computing implementations: Fog computing, cloudlet and mobile edge computing},
  author={Dolui, Koustabh and Datta, Soumya Kanti},
  booktitle={2017 Global Internet of Things Summit (GIoTS)},
  pages={1--6},
  year={2017},
  organization={IEEE}
}

@inproceedings{Charyyev2020,
  title={Latency comparison of cloud datacenters and edge servers},
  author={Charyyev, Batyr and Arslan, Engin and Gunes, Mehmet Hadi},
  booktitle={GLOBECOM 2020-2020 IEEE Global Communications Conference},
  pages={1--6},
  year={2020},
  organization={IEEE}
}

@INPROCEEDINGS{Qi2012,
  author={Qi, Han and Gani, Abdullah},
  booktitle={2012 Second International Conference on Digital Information and Communication Technology and it's Applications (DICTAP)}, 
  title={Research on mobile cloud computing: Review, trend and perspectives}, 
  year={2012},
  volume={},
  number={},
  pages={195-202},
  keywords={Cloud computing;Mobile communication;Mobile computing;Smart phones;Servers;Mobile Cloud Computing;Mobile Computing;Cloud Computing;Research Directions},
  doi={10.1109/DICTAP.2012.6215350}
}

@article{Wang2017,
        author={Wang, Jingjing and Jiang, Chunxiao and Han, Zhu and Ren, Yong and Maunder, Robert G. and Hanzo, Lajos},
        journal={IEEE Vehicular Technology Magazine},
        title={Taking Drones to the Next Level: Cooperative Distributed Unmanned-Aerial-Vehicular Networks for Small and Mini Drones},
        year={2017},
        volume={12},
        number={3},
        pages={73-82},
        keywords={Drones;Logic gates;Ad hoc networks;Unmanned aerial vehicles;Cloud computing;Routing;Algorithm design and analysis},
        doi={10.1109/MVT.2016.2645481}
}

@inproceedings{Bertizzolo2020,
        author={Bertizzolo, Lorenzo and D’Oro, Salvatore and Ferranti, Ludovico and Bonati, Leonardo and Demirors, Emrecan and Guan, Zhangyu and Melodia, Tommaso and Pudlewski, Scott},
        booktitle={IEEE INFOCOM 2020 - IEEE Conference on Computer Communications},
        title={SwarmControl: An Automated Distributed Control Framework for Self-Optimizing Drone Networks},
        year={2020},
        volume={},
        number={},
        pages={1768-1777},
        keywords={Protocols;Drones;Optimization;Couplings;Decentralized control;Wireless communication;Drone Networks;Software-Defined Networking;Distributed Network Control},
        doi={10.1109/INFOCOM41043.2020.9155231}
}

@article{Gharibi2016,
        title={Internet of drones},
        author={Gharibi, Mirmojtaba and Boutaba, Raouf and Waslander, Steven L},
        journal={IEEE Access},
        volume={4},
        pages={1148--1162},
        year={2016},
        publisher={IEEE}
}

@misc{Cloudfactory,
 author="{CloudFactory}",
 title="{Breaking Down The Levels of Drone Autonomy}",
 howpublished={https://www.cloudfactory.com/blog/levels-of-drone-autonomy},
 note="{Last accessed on December 9, 2024}"
}

@misc{EPA,
 author="{Environmental Protection Agency}",
 title="{Self-driving Vehicles}",
 howpublished={https://www.epa.gov/greenvehicles/self-driving-vehicles},
 note="{Last accessed on December 9, 2024}"
}

@misc{FAR,
 author="{Federal Aquisitions Regulatory Council}",
 title="{Definitions}",
 howpublished={https://www.acquisition.gov/far/2.101},
 note="{Last accessed on December 10, 2024}"
}

@misc{ETSI,
 author="{European Telecommunications Standards Institute}",
 title="{4th Generation (LTE)}",
 howpublished={https://www.etsi.org/technologies/mobile/4G},
 note="{Last accessed on December 10, 2024}"
}

@misc{RTSP,
 author="{Microsoft}",
 title="{Real-Time Streaming Protocol}",
 howpublished={https://learn.microsoft.com/en-us/openspecs/windows\_protocols/ms-rtsp/d9c6f2be-6778-4531-971d-2d295b568d52},
 note="{Last accessed on December 10, 2024}"
}

@misc{MAVLink,
 author="{MAVLink}",
 title="{MAVLink Developer Guide}",
 howpublished={https://mavlink.io/en/},
 note="{Last accessed on December 11, 2024}"
}

@misc{Cloudinary,
 author="{Cloudinary}",
 title="{Slice-Based Encoding}",
 howpublished={https://cloudinary.com/glossary/slice-based-encoding},
 note="{Last accessed on December 11, 2024}"
}

@misc{FCC,
 author="{Federal Communications Commission}",
 title="{Mobile LTE Coverage Map}",
 howpublished={https://www.fcc.gov/BroadbandData/MobileMaps/mobile-map},
 note="{Last accessed on December 11, 2024}"
}

@misc{ArdupilotMag,
 author="{Ardupilot}",
 title="{Magnetic Interference}",
 howpublished={https://ardupilot.org/copter/docs/common-magnetic-interference.html},
 note="{Last accessed on December 11, 2024}"
}

@article{Orasugh2023,
    author = {Orasugh, Jonathan Tersur and Ray, Suprakas Sinha},
    title = {Functional and Structural Facts of Effective Electromagnetic Interference Shielding Materials: A Review},
    journal = {ACS Omega},
    volume = {8},
    number = {9},
    pages = {8134-8158},
    year = {2023},
    doi = {10.1021/acsomega.2c05815},
    URL = {https://doi.org/10.1021/acsomega.2c05815},
    eprint = {https://doi.org/10.1021/acsomega.2c05815}
}

@misc{Flytbase,
 author="{Flytbase}",
 title="{Scaling BVLOS Operations through Robust Connectivity & Autonomy Infrastructure}",
 howpublished={https://www.flytbase.com/blog/bvlos-drone-operations},
 note="{Last accessed on December 19, 2024}"
}

@misc{Skydio2Plus,
 author="{Skydio}",
 title="{All About Skydio 2+ for Enterprise}",
 howpublished={https://www.skydio.com/blog/skydio-2-plus-enterprise-drone},
 note="{Last accessed on December 19, 2024}"
}

@misc{SkydioX10,
 author="{Skydio}",
 title="{Skydio X10}",
 howpublished={https://www.skydio.com/x10},
 note="{Last accessed on December 19, 2024}"
}

@misc{DJIAvata2,
 author="{DJI}",
 title="{DJI Avata 2}",
 howpublished={https://www.dji.com/avata-2},
 note="{Last accessed on December 19, 2024}"
}

@article{Aloimonos1988,
 author = "J. Aloimonos and I. Weiss and A. Bandyopadhyay",
 title = "{Active vision}",
 journal = "{International  Journal  of Computer Vision}",
 volume = "1",
 pages = "333--356",
 year = "1988"
}

@INPROCEEDINGS{Hepokoski2021,
  author={Hepokoski, Mark and Curran, Allen and Viola, Timothy and Ockfen, Alex},
  booktitle={2021 37th Semiconductor Thermal Measurement, Modeling & Management Symposium (SEMI-THERM)}, 
  title={Thermal Acceptability Limits for Wearable Electronic Devices}, 
  year={2021},
  volume={},
  number={},
  pages={16-19},
  keywords={Temperature sensors;Skin;Wearable computers;Pain;Biological system modeling;Heat transfer;Temperature distribution},
  doi={}
}

@inproceedings{Ognibene2013,
 author = "Dimitri Ognibene and Yiannis Demiris",
 title = "Towards active event recognition",
 year = "2013",
 month = "August",
 booktitle = "{The 23rd International Joint Conference on Artificial Intelligence, IJCAI-13}"
}

@ARTICLE{Forman1994,
  author={Forman, G.H. and Zahorjan, J.},
  journal={Computer}, 
  title={The challenges of mobile computing}, 
  year={1994},
  volume={27},
  number={4},
  pages={38-47},
  keywords={Mobile computing;Computer networks;Portable computers;Personal digital assistants;Handheld computers;Wireless communication;Mobile communication;Physics computing;Transceivers;Collaborative software},
  doi={10.1109/2.274999}
}

@inproceedings{Ha2014,
    author = {Ha, Kiryong and Chen, Zhuo and Hu, Wenlu and Richter, Wolfgang and Pillai, Padmanabhan and Satyanarayanan, Mahadev},
    title = {Towards wearable cognitive assistance},
    year = {2014},
    isbn = {9781450327930},
    publisher = {Association for Computing Machinery},
    address = {New York, NY, USA},
    url = {https://doi.org/10.1145/2594368.2594383},
    doi = {10.1145/2594368.2594383},
    abstract = {We describe the architecture and prototype implementation of an assistive system based on Google Glass devices for users in cognitive decline. It combines the first-person image capture and sensing capabilities of Glass with remote processing to perform real-time scene interpretation. The system architecture is multi-tiered. It offers tight end-to-end latency bounds on compute-intensive operations, while addressing concerns such as limited battery capacity and limited processing capability of wearable devices. The system gracefully degrades services in the face of network failures and unavailability of distant architectural tiers.},
    booktitle = {Proceedings of the 12th Annual International Conference on Mobile Systems, Applications, and Services},
    pages = {68–81},
    numpages = {14},
    keywords = {cloud computing, cloud offload, cloudlet, cyber foraging, google glass, mobile computing, virtual machine, wearable computing},
    location = {Bretton Woods, New Hampshire, USA},
    series = {MobiSys '14}
}

@misc{ZeroMQ,
 author="{ZeroMQ}",
 title="{ZeroMQ}",
 howpublished={https://zeromq.org/},
 note="{Last accessed on December 27, 2024}"
}

@ARTICLE{Ghouzli2023,
  author={Ghzouli, Razan and Berger, Thorsten and Johnsen, Einar Broch and Wasowski, Andrzej and Dragule, Swaib},
  journal={IEEE Transactions on Software Engineering}, 
  title={Behavior Trees and State Machines in Robotics Applications}, 
  year={2023},
  volume={49},
  number={9},
  pages={4243-4267},
  keywords={Behavioral sciences;DSL;Robots;Robot kinematics;Analytical models;Libraries;Task analysis;Behavior trees;exploratory empirical study;robotics applications;state machines;usage patterns},
  doi={10.1109/TSE.2023.3269081}
}

@misc{Robomaster2022,
 author = "DJI",
 title = "{Robomaster S1}",
 howpublished = "\url{https://www.dji.com/robomaster-s1}",
 note = "{Last Accessed November 14, 2022}"
}

@inproceedings{Huang2017,
 author = {Jonathan Huang and Vivek Rathod and Chen Sun and Menglong Zhu and Anoop Korattikara and Alireza Fathi and Ian Fischer  and Zbigniew Wojna and Yang Song and Sergio Guadarrama and Kevin Murphy},
 title = "{Speed/Accuracy Trade-Offs for Modern Convolutional Object Detectors}",
 booktitle = "{Proceedings of IEEE Computer Vision and Pattern Recognition (CVPR)}",
 year="2017",
}

@misc{SSDResnet50,
 author = "OpenVINO",
 title = "{ssd\_resnet50\_v1\_fpn\_coco}",
 howpublished = "\url{https://docs.openvino.ai/2021.1/omz_models_public_ssd_resnet50_v1_fpn_coco_ssd_resnet50_v1_fpn_coco.html}",
 note = "{Last Accessed on November 15, 2022}"
}

@article{Ranftl2022,
 author = "Rene Ranftl and Katrin Lasinger and David Hafner and Konrad Schindler and Vladlen Koltun",
 journal = "{IEEE Transactions on Pattern Analysis and Machine Intelligence}",
 title = "{Towards Robust Monocular Depth Estimation: Mixing Datasets for Zero-Shot Cross-Dataset Transfer}",
 year = "2022",
 volume = "44",
 number = "3",
 pages = "1623-1637"
}

